<?xml version="1.0" encoding="UTF-8" ?><marc:collection xmlns:marc="http://www.loc.gov/MARC21/slim" xmlns:xsi="http://www.w3.org/2001/XMLSchema-instance" xsi:schemaLocation="http://www.loc.gov/MARC21/slim http://www.loc.gov/standards/marcxml/schema/MARC21slim.xsd">
<marc:record><marc:leader>02550nam a2200385Ii 4500</marc:leader>
<marc:controlfield tag="001">b13974002</marc:controlfield>
<marc:controlfield tag="003">UaCaAUL</marc:controlfield><marc:controlfield tag="005">20190130115215.0</marc:controlfield><marc:controlfield tag="008">190130s1952    ua       b    000 0 ara d</marc:controlfield><marc:datafield tag="035" ind1=" " ind2=" "><marc:subfield code="a">(OCoLC)1083632555</marc:subfield></marc:datafield><marc:datafield tag="040" ind1=" " ind2=" "><marc:subfield code="a">MEAUC</marc:subfield><marc:subfield code="b">eng</marc:subfield><marc:subfield code="e">rda</marc:subfield><marc:subfield code="c">MEAUC</marc:subfield></marc:datafield><marc:datafield tag="049" ind1=" " ind2=" "><marc:subfield code="a">MAIN</marc:subfield></marc:datafield><marc:datafield tag="050" ind1=" " ind2="4"><marc:subfield code="a">LB1055</marc:subfield><marc:subfield code="b">.S5 1952</marc:subfield></marc:datafield><marc:datafield tag="066" ind1=" " ind2=" "><marc:subfield code="c">(3</marc:subfield></marc:datafield><marc:datafield tag="090" ind1=" " ind2=" "><marc:subfield code="a">LB1055</marc:subfield><marc:subfield code="b">.S5 1952</marc:subfield></marc:datafield><marc:datafield tag="100" ind1="1" ind2=" "><marc:subfield code="6">880-01</marc:subfield><marc:subfield code="a">Shaltūt, ʻAlí Muḥammad,</marc:subfield><marc:subfield code="e">author.</marc:subfield></marc:datafield><marc:datafield tag="245" ind1="1" ind2="0"><marc:subfield code="6">880-02</marc:subfield><marc:subfield code="a">Muḥāḍarāt fī al-tarbīyah wa-ʻilm al-nafs /</marc:subfield><marc:subfield code="c">lil-ustādh ʻAlī Muḥammad Shaltūt, līsānsīh fī al-ādāb, diblūm Maʻhad al-Tarbīyah al-ʻĀlī bi-darajat al-imtiyāz, diblūm al-khidmah al-ijtimāʻīyah, diblūm al-dirāsāt al-ʻulyā bi-darajat jayyid jiddan, diblūm (muʻādil lil-mājistīr) min Maʻhad al-ʻUlūm al-Ijtimāʻīyah bi-Jāmiʻat Fārūq al-Awwal bi-darajat Jayyid Jiddan, mudarris awwal al-tarbīyah wa-ʻilm al-nafs bi-Maʻhad al-Muʻallimīn al-Ibtidāʼī bi-al-Iskandarīyah.</marc:subfield></marc:datafield><marc:datafield tag="250" ind1=" " ind2=" "><marc:subfield code="6">880-03</marc:subfield><marc:subfield code="a">al-Ṭabʻah al-thānīyah.</marc:subfield></marc:datafield><marc:datafield tag="264" ind1=" " ind2="1"><marc:subfield code="6">880-04</marc:subfield><marc:subfield code="a">al-Iskandarīyah :</marc:subfield><marc:subfield code="b">Maṭbaʻat Dār Nashr al-Thaqāfah bi-al-Iskandarīyah,</marc:subfield><marc:subfield code="c">1952.</marc:subfield></marc:datafield><marc:datafield tag="300" ind1=" " ind2=" "><marc:subfield code="a">228, 4 unnumbered pages ;</marc:subfield><marc:subfield code="c">25 cm.</marc:subfield></marc:datafield><marc:datafield tag="336" ind1=" " ind2=" "><marc:subfield code="a">text</marc:subfield><marc:subfield code="b">txt</marc:subfield><marc:subfield code="2">rdacontent.</marc:subfield></marc:datafield><marc:datafield tag="337" ind1=" " ind2=" "><marc:subfield code="a">unmediated</marc:subfield><marc:subfield code="b">n</marc:subfield><marc:subfield code="2">rdamedia.</marc:subfield></marc:datafield><marc:datafield tag="338" ind1=" " ind2=" "><marc:subfield code="a">volume</marc:subfield><marc:subfield code="b">nc</marc:subfield><marc:subfield code="2">rdacarrier.</marc:subfield></marc:datafield><marc:datafield tag="504" ind1=" " ind2=" "><marc:subfield code="a">Includes bibliographical refernces.</marc:subfield></marc:datafield><marc:datafield tag="590" ind1=" " ind2=" "><marc:subfield code="a">AUC copy has author's dated inscription by ʻAbd al-Munʻim Shaltūt.</marc:subfield></marc:datafield><marc:datafield tag="650" ind1=" " ind2="0"><marc:subfield code="a">Educational psychology.</marc:subfield></marc:datafield><marc:datafield tag="650" ind1=" " ind2="0"><marc:subfield code="a">Psychology.</marc:subfield></marc:datafield><marc:datafield tag="880" ind1="1" ind2="0"><marc:subfield code="6">245-02/(3/r</marc:subfield><marc:subfield code="a">محاضرات في التربية والم النفس /‪</marc:subfield><marc:subfield code="c">للأستاذ علي محمد شلتوت، ليسانسيه في الآداب، دبلوم معهد التربية العالي بدرجة الامتياز، دبلوم الخدمة الاجتماعية، دبلوم الدراسات العليا بدرجة جيد جدا، دبلوم (معادل للماجستير) من معهد العلوم الاجتماعية بجامعة فاروق الأول بدرجة جيد جدا، مدرس أول التربية وعلم النفس بمعهد المعلمين الابتدائي بالاسكندرية.</marc:subfield></marc:datafield><marc:datafield tag="880" ind1="1" ind2=" "><marc:subfield code="6">100-01/(3/r</marc:subfield><marc:subfield code="a">شلتوت، عل محمد،‪</marc:subfield><marc:subfield code="e">author.</marc:subfield></marc:datafield><marc:datafield tag="880" ind1=" " ind2=" "><marc:subfield code="6">250-03/(3/r</marc:subfield><marc:subfield code="a">الطبعة الثانية..</marc:subfield></marc:datafield><marc:datafield tag="880" ind1=" " ind2="1"><marc:subfield code="6">264-04/(3/r</marc:subfield><marc:subfield code="a">الاسكندرية :‪</marc:subfield><marc:subfield code="b">مطبعة دار نشر الثقافة بالاسكندرية،‪</marc:subfield><marc:subfield code="c">1952.</marc:subfield></marc:datafield><marc:datafield tag="907" ind1=" " ind2=" "><marc:subfield code="a">.b13974002</marc:subfield><marc:subfield code="b">main </marc:subfield></marc:datafield><marc:datafield tag="902" ind1=" " ind2=" "><marc:subfield code="a">190225</marc:subfield></marc:datafield><marc:datafield tag="998" ind1=" " ind2=" "><marc:subfield code="b">1</marc:subfield><marc:subfield code="c">070605</marc:subfield><marc:subfield code="d">m</marc:subfield><marc:subfield code="e">a</marc:subfield><marc:subfield code="f">-</marc:subfield><marc:subfield code="g">0</marc:subfield><marc:subfield code="k">AY</marc:subfield><marc:subfield code="k">TA</marc:subfield></marc:datafield><marc:datafield tag="945" ind1=" " ind2=" "><marc:subfield code="l">main </marc:subfield></marc:datafield></marc:record>
</marc:collection>
